\begin{comment}
@article{Reference1,
	Abstract = {We have developed an enhanced Littrow configuration extended cavity diode laser (ECDL) that can be tuned without changing the direction of the output beam. The output of a conventional Littrow ECDL is reflected from a plane mirror fixed parallel to the tuning diffraction grating. Using a free-space Michelson wavemeter to measure the laser wavelength, we can tune the laser over a range greater than 10 nm without any alteration of alignment.},
	Author = {C. J. Hawthorn and K. P. Weber and R. E. Scholten},
	Journal = {Review of Scientific Instruments},
	Month = {December},
	Number = {12},
	Numpages = {3},
	Pages = {4477--4479},
	Title = {Littrow Configuration Tunable External Cavity Diode Laser with Fixed Direction Output Beam},
	Volume = {72},
	Url = {http://link.aip.org/link/?RSI/72/4477/1},
	Year = {2001}}

@article{Reference3,
	Abstract = {Operating a laser diode in an extended cavity which provides frequency-selective feedback is a very effective method of reducing the laser's linewidth and improving its tunability. We have developed an extremely simple laser of this type, built from inexpensive commercial components with only a few minor modifications. A 780~nm laser built to this design has an output power of 80~mW, a linewidth of 350~kHz, and it has been continuously locked to a Doppler-free rubidium transition for several days.},
	Author = {A. S. Arnold and J. S. Wilson and M. G. Boshier},
	Journal = {Review of Scientific Instruments},
	Month = {March},
	Number = {3},
	Numpages = {4},
	Pages = {1236--1239},
	Title = {A Simple Extended-Cavity Diode Laser},
	Volume = {69},
	Url = {http://link.aip.org/link/?RSI/69/1236/1},
	Year = {1998}}

@article{Reference2,
	Abstract = {We present a review of the use of diode lasers in atomic physics with an extensive list of references. We discuss the relevant characteristics of diode lasers and explain how to purchase and use them. We also review the various techniques that have been used to control and narrow the spectral outputs of diode lasers. Finally we present a number of examples illustrating the use of diode lasers in atomic physics experiments. Review of Scientific Instruments is copyrighted by The American Institute of Physics.},
	Author = {Carl E. Wieman and Leo Hollberg},
	Journal = {Review of Scientific Instruments},
	Keywords = {Diode Laser},
	Month = {January},
	Number = {1},
	Numpages = {20},
	Pages = {1--20},
	Title = {Using Diode Lasers for Atomic Physics},
	Volume = {62},
	Url = {http://link.aip.org/link/?RSI/62/1/1},
	Year = {1991}}

\end{comment}
%################bibliography%################

@inproceedings{waterloo,
	Publisher = {{Practice and Theory of Automated Timetabling III: Third International Conference}},
	author={M. W. Carter},
	pages={64-82},
	Title = {{A Comprehensive Course Timetabling and Student Scheduling System at the University of Waterloo}},
	Year = {2001}
}

@inproceedings{syllabus,
author={R. Evertsz},
title={{The Development of SYLLABUS — An Interactive, Constraint-Based Scheduler for Schools and Colleges}}, 
organization={IAAI},
pages={39-51},
year={1991}
}

@inproceedings{Garey_Johnson_1979, 
title={{Computers and Intractability: A Guide to the Theory of NP-Completeness (Series of Books in the Mathematical Sciences)}},
organization={Computers and Intractability, W. H. Freeman},
publisher={W. H. Freeman}, 
author={M. R. Garey and D. S. Johnson}, 
year={1979}, 
pages={243}}

@inproceedings{gotlieb1963,
author={C. C. Gotlieb},
organization={In Proceedings of IFIP Congress},
title={{The Construction of Class-Teacher Timetables}},
pages={73-77},
publisher={North-Holland Pub. Co.},
year={1963}
}

@inproceedings{bullet_paper,
  title={{Automatic Timetabling in Higher Education Institutions: a real scenario and solution}},
  author={P. Fernandes and C. S. Pereira and A. Barbosa},
  editor={G.Kendall and G. V. Berghe and B. McCollum},
  booktitle={Proceedings of the 6th Multidisciplinary International Conference on Scheduling: Theory and Applications},
  pages={151--170},
  year={2013}
}
@inproceedings{recent_dev_patat,
year={1998},
booktitle={Practice and Theory of Automated Timetabling II: Second International Conference},
volume={1408},
editor={E. Burke and M. Carter},
title={{Recent Developments in Practical Course Timetabling}},
publisher={Springer Berlin Heidelberg},
author={M. W. Carter and G. Laporte},
pages={3-19}
}
@inproceedings{evolving_timetables,
  booktitle={The Practical Handbook of Genetic Algorithms},
  title={{Evolving Timetables}},
  publisher={CRC Press},
  editor={L. C. Chambers},
  author={D. Corne and P. Ross and H. Fang},
  year={1995},
  volume={1},
  pages={219-276}
}


@online{patat,
	url = {http://www.patatconference.org},
}
@online{mista,
	url = {http://schedulingconference.org},
}
@online{watt,
	url = {http://watt.cs.kuleuven.be},
}
@online{metaheuristics,
	url = {http://www.metaheuristics.net},
}

@inproceedings{thor,
  title={{THOR: A Tool for School Timetabling}},
  author={F. Mel{\'\i}cio  and J. P. Caldeira and Agostinho Rosa},
  organization={Practice and Theory of Automated Timetabling VI: Sixth International Conference},
  pages={532},
  year={2006},
  publisher={Citeseer}
}
@inproceedings{purdue_patat_2006,
  title={{Automated System for University Timetabling}},
  author={K. Murray and T. M{\"u}ller},
  organization={Practice and Theory of Automated Timetabling VI: Sixth International Conference},
  volume={6},
  pages={536--541},
  year={2006},
  publisher={Citeseer}
}
@inproceedings{distributed_timetabling,
  title={{An Integrated Framework for Distributed Timetabling}},
  author={Wilke, Peter},
  organization={Practice and Theory of Automated Timetabling VI: Sixth International Conference},
  pages={542--546},
  year={2006},
  publisher={Citeseer}
}
@inproceedings{online_tt_patat2010,
  title={{On-line Timetabling Software}},
  author={F. Devin and Y. Le Nir},
  organization={Practice and Theory of Automated Timetabling VI: Sixth International Conference},
  pages={176-192},
  year={2010},
  publisher={Citeseer}
}
@inproceedings{introduction_timetable,
  title={{An Introduction to Timetabling}},
  author={D. de Werra},
  organization={European Journal of Operational Research},
  volume={19},
  number={2},
  pages={151-162},
  year={1985},
  publisher={Elsevier}
}
@inproceedings{british_examination_survey,
  title={{Examination Timetabling in British Universities: A Survey}},
  author={E. Burke and D. Elliman and P. Ford and R. Weare},
  booktitle={Practice and Theory of Automated Timetabling: First International Conference},
  pages={76--90},
  year={1996},
  publisher={Springer}
}
@inproceedings{leed_clp,
  title={{Complete University Modular Timetabling Using Constraint Logic Programming}},
  author={G. Lajos},
  booktitle={Practice and Theory of Automated Timetabling: First International Conference},
  pages={146--161},
  year={1996},
  publisher={Springer}
}
@inproceedings{diamant,
  title={{A Open Source Timetable Production System for Courses and Exams}},
  author={R. Gonzalez-Rubio and B. Sharma},
  year = "2012",
  booktitle={Practice and Theory of Automated Timetabling},
  pages={460},
  publisher={SINTEF}
}

@inproceedings{napier,
  title={Improving a lecture timetabling system for university-wide use},
  author={Paechter, Ben and Rankin, RC and Cumming, Andrew},
  booktitle={Practice and Theory of Automated Timetabling II: Second International Conference},
  pages={156--165},
  year={1998},
  publisher={Springer}
}
@inproceedings{deWerra,
  title={{Construction of School Timetables by Flow Methods.}},
  author={D. de Werra},
  volume={9},
  pages={12-22},
  organization={INFOR - Canadian Journal of Operational Research},
  year={1971},
  publisher={ERIC}
}

@inproceedings{survey2014,
title = {{"A Survey of Approaches for University Course Timetabling Problem"}},
organization = "Computers and Industrial Engineering ",
pages = "33-35",
year = "2014",
author = "H. Babaei and J. Karimpour and A. Hadidi"
}

@inproceedings{lewis2008survey,
  title={{A Survey of Metaheuristic-based Techniques for University Timetabling Problems}},
  author={R. Lewis},
  organization={OR spectrum},
  volume={30},
  number={1},
  pages={167--190},
  year={2008},
  publisher={Springer}
}

@unpublished{peter_karich,
title = {{"Optimizing Educational Schedules using Hungarian Algorithm and Iterated Local Search"}},
year = "2010",
author = "P. Karich",
note = "Unpublished manuscript"
}

@inproceedings{bahurmozhungarian,
  title={{A Hungarian Based Algorithm for the Academic Scheduling Problem}},
  author={A. Bahurmoz},
  booktitle={Practice and Theory of Automated Timetabling V: Fifth International Conference},
  year={2004},
  publisher={Springer}
}

@inproceedings{daskalaki2005efficient,
  title={{Efficient Solutions for a University Timetabling Problem through Integer Programming}},
  author={S. Daskalaki and T. Birbas},
  organization={European Journal of Operational Research},
  volume={160},
  number={1},
  pages={106--120},
  year={2005},
  publisher={Elsevier}
}

@inproceedings{daskalaki2004integer,
  title={{An Integer Programming Formulation for a Case Study in University Timetabling}},
  author={S. Daskalaki and T. Birbas and E. Housos},
  organization={European Journal of Operational Research},
  volume={153},
  number={1},
  pages={117--135},
  year={2004},
  publisher={Elsevier}
}

@inproceedings{rossi2003comparison,
  title={{A Comparison of the Performance of Different Metaheuristics on the Timetabling Problem}},
  author={O. Rossi-Doria and M. Samples and M. Birattari and M. Chiarandini and J. Knowles and M. Manfrin and M. Mastrolilli and L. Paquete and B. Paechter and T. Stützle},
  booktitle={Practice and Theory of Automated Timetabling IV: Fourth International Conference},
  pages={329--351},
  year={2003},
  publisher={Springer}
}

@inproceedings{burke1998standard,
  title={{A Standard Data Format for Timetabling Instances}},
  author={E. Burke and J. Kingston and P. Pepper},
  year={1998},
  publisher={Springer},
  booktitle={Practice and Theory of Automated Timetabling II: Second International Conference},
  pages={213--222}
}

@inproceedings{carrasco2001multiobjective,
  title={{A Multiobjective Genetic Algorithm for the Class/Teacher Timetabling Problem}},
  author={M. Carrasco and M. Pato},
  booktitle={Practice and Theory of Automated Timetabling III: Third International Conference},
  pages={3--17},
  year={2001},
  publisher={Springer}
}

@inproceedings{paechter1996extensions,
  title={{Extensions to a Memetic Timetabling System}},
  author={B. Paechter  and A. Cumming and M. Norman and H. Luchian},
  booktitle={Practice and Theory of Automated Timetabling: First International Conference},
  pages={251--265},
  year={1996},
  publisher={Springer}
}

@inproceedings{rossi2004memetic,
  title={{A Memetic Algorithm for University Course Timetabling}},
  author={O. Rossi-Doria and B. Paechter},
  organization={Combinatorial Optimization},
  pages={56},
  year={2004},
  publisher={Citeseer}
}

@article{al2012university,
  title={{University Course Timetabling Using a Hybrid Harmony Search Metaheuristic Algorithm}},
  author={M. Al-Betar and A. Khader and M. Zaman},
  journal={Systems, Man, and Cybernetics, Part C: Applications and Reviews, IEEE Transactions on},
  volume={42},
  number={5},
  pages={664--681},
  year={2012},
  publisher={IEEE}
}

@article{alvarez2001tabu,
  title={{Tabu Search: An Efficient Metaheuristic for University Organization Problems}},
  author={R. Alvarez-Vald{\'e}s and E. Crespo and J. Tamarit},
  journal={Revista Investigacion Operacional},
  volume={22},
  number={2},
  pages={104--113},
  year={2001}
}

@article{aycan2009solving,
  title={{Solving the Course Scheduling Problem Using Simulated Annealing}},
  author={E. Aycan and T. Ayav},
  journal={Advance Computing Conference. IACC 2009. IEEE International},
  pages={462--466},
  year={2009},
  organization={IEEE}
}

@article{abdullah2005investigation,
  title={{An Investigation of Variable Neighbourhood Search for University Course Timetabling}},
  author={S. Abdullah and E. Burke and B. Mccollum},
  journal={The 2nd Multidisciplinary International Conference on Scheduling: Theory and Applications},
  pages={413--427},
  year={2005}
}

@inproceedings{di2003multi,
  title={{Multi-neighbourhood Local Search with Application to Course Timetabling}},
  author={L. Di Gaspero and A. Schaerf},
  booktitle={Practice and Theory of Automated Timetabling IV: International Conference},
  pages={262--275},
  year={2003},
  publisher={Springer}
}

@article{rossi2004memetic,
  title={A Memetic Algorithm for University Course Timetabling},
  author={Rossi-Doria, Olivia and Paechter, Ben},
  journal={Combinatorial optimisation},
  pages={56},
  year={2004},
  publisher={Citeseer}
}

@article{melicio2004two,
  title={Two neighbourhood approaches to the timetabling problem},
  author={F. Mel{\'\i}cio and J. Caldeira and A. Rosa},
  journal={Practice and Theory of Automated Timetabling V: Fifth International Conference},
  pages={267--282},
  year={2004},
  publisher={Springer}
}


@inproceedings{kochetov2006local,
  title={Local Search Heuristics for the Teacher/Class Timetabling Problem},
  author={Y. Kochetov and P. Obuhovskaya and M. Paschenko},
  booktitle={Practice and Theory of Automated Timetabling V: Sixth International Conference},
  pages={454--457},
  year={2006},
  publisher={Citeseer}
  
  
}


























